<?xml version="1.0" encoding="UTF-8"?><collection xmlns="http://www.loc.gov/MARC21/slim"><record><leader>00456nam--2200157-i-4500</leader><controlfield tag="001">000026323</controlfield><controlfield tag="002">20161230</controlfield><controlfield tag="005">20170129223738</controlfield><controlfield tag="008">060222s1000------------r-----000-0-eng-d</controlfield><datafield ind1=" " ind2=" " tag="080"><subfield code="a">621.039.56</subfield></datafield><datafield ind1=" " ind2=" " tag="100"><subfield code="a">Kastenberg, William Edward</subfield></datafield><datafield ind1=" " ind2=" " tag="245"><subfield code="a">Staability analysis of non-linear space dependent reactor kinetics</subfield><subfield code="b">thesis</subfield></datafield><datafield ind1=" " ind2=" " tag="260"><subfield code="a">Ann Arbor</subfield><subfield code="b">University Microfilms, Inc</subfield><subfield code="c">1966</subfield></datafield><datafield ind1=" " ind2=" " tag="300"><subfield code="a">V + 105 p</subfield></datafield><datafield ind1=" " ind2=" " tag="852"><subfield code="a">29247</subfield></datafield><datafield ind1=" " ind2=" " tag="CAT"><subfield code="a">SYS</subfield><subfield code="c">20170129</subfield><subfield code="h">223738</subfield></datafield></record></collection>